<record><leader>00000cas a2200000 a 4500</leader><controlfield tag="001">19038941</controlfield><controlfield tag="008">890119d1951195utnuwr ne      0    0eng d</controlfield><datafield ind1=" " ind2=" " tag="010"><subfield code="a">sn 89058082 </subfield></datafield><datafield ind1=" " ind2=" " tag="040"><subfield code="a">KNP</subfield><subfield code="b">eng</subfield><subfield code="c">KNP</subfield><subfield code="d">TGN</subfield><subfield code="d">OCL</subfield><subfield code="d">OCLCQ</subfield><subfield code="d">OCLCO</subfield></datafield><datafield ind1="1" ind2=" " tag="029"><subfield code="a">AU@</subfield><subfield code="b">000020544994</subfield></datafield><datafield ind1=" " ind2=" " tag="042"><subfield code="a">msc</subfield></datafield><datafield ind1=" " ind2=" " tag="043"><subfield code="a">n-us-tn</subfield></datafield><datafield ind1="0" ind2="4" tag="245"><subfield code="a">The Frayser builder.</subfield></datafield><datafield ind1=" " ind2=" " tag="260"><subfield code="a">Frayser, Tenn. :</subfield><subfield code="b">Millington Pub. Co.,</subfield><subfield code="c">1951-</subfield></datafield><datafield ind1=" " ind2=" " tag="300"><subfield code="a">v. :</subfield><subfield code="b">ill.</subfield></datafield><datafield ind1=" " ind2=" " tag="310"><subfield code="a">Weekly</subfield></datafield><datafield ind1="0" ind2=" " tag="362"><subfield code="a">Vol. 1, no. 1 (Nov. 15, 1951)-</subfield></datafield><datafield ind1=" " ind2=" " tag="580"><subfield code="a">Published weekly as a supplement to: Millington star (Millington, Tenn. : 1951).</subfield></datafield><datafield ind1=" " ind2="0" tag="651"><subfield code="a">Frayser (Tenn.)</subfield><subfield code="v">Newspapers.</subfield></datafield><datafield ind1=" " ind2="0" tag="651"><subfield code="a">Shelby County (Tenn.)</subfield><subfield code="v">Newspapers.</subfield></datafield><datafield ind1=" " ind2=" " tag="752"><subfield code="a">United States</subfield><subfield code="b">Tennessee</subfield><subfield code="c">Shelby</subfield><subfield code="d">Frayser.</subfield></datafield><datafield ind1="1" ind2=" " tag="787"><subfield code="t">Millington star (Millington, Tenn. : 1951)</subfield><subfield code="w">(DLC)sn 89058094</subfield></datafield></record>